<record><leader>00000cas a2200000 a 4500</leader><controlfield tag="001">40597970</controlfield><controlfield tag="007">hd bfu---baap</controlfield><controlfield tag="007">hd afu---bacp</controlfield><controlfield tag="008">990111d18991uuunbuwr nea     0    0ger d</controlfield><datafield ind1=" " ind2=" " tag="010"><subfield code="a">sn 98058170 </subfield></datafield><datafield ind1=" " ind2=" " tag="040"><subfield code="a">NVG</subfield><subfield code="b">eng</subfield><subfield code="c">NVG</subfield><subfield code="d">DLC</subfield><subfield code="d">OCL</subfield><subfield code="d">OCLCQ</subfield><subfield code="d">OCLCO</subfield></datafield><datafield ind1="1" ind2=" " tag="029"><subfield code="a">AU@</subfield><subfield code="b">000020038558</subfield></datafield><datafield ind1=" " ind2=" " tag="042"><subfield code="a">msc</subfield></datafield><datafield ind1=" " ind2=" " tag="043"><subfield code="a">n-us-nb</subfield></datafield><datafield ind1="0" ind2="0" tag="245"><subfield code="a">Boyd und Gregory Co. Vorwa&#776;rts</subfield><subfield code="h">[microform].</subfield></datafield><datafield ind1="3" ind2=" " tag="246"><subfield code="a">Boyd &amp; Gregory Co. Vorwa&#776;rts</subfield></datafield><datafield ind1="1" ind2=" " tag="246"><subfield code="i">Title in publishers box:</subfield><subfield code="a">Boyd u. Gregory Co. Vorwa&#776;rts</subfield></datafield><datafield ind1="3" ind2="0" tag="246"><subfield code="a">Vorwa&#776;rts</subfield></datafield><datafield ind1=" " ind2=" " tag="260"><subfield code="a">Butte, Neb. :</subfield><subfield code="b">Jos. Tagwerker,</subfield><subfield code="c">1899-</subfield></datafield><datafield ind1=" " ind2=" " tag="300"><subfield code="a">v.</subfield></datafield><datafield ind1=" " ind2=" " tag="310"><subfield code="a">Weekly</subfield></datafield><datafield ind1="1" ind2=" " tag="362"><subfield code="a">Began in 1899.</subfield></datafield><datafield ind1=" " ind2=" " tag="588"><subfield code="a">Description based on: Jahrg. 1, nr. 14 (3 Nov. '99).</subfield></datafield><datafield ind1=" " ind2=" " tag="533"><subfield code="a">Microfilm.</subfield><subfield code="m">Nov. 3, 1899.</subfield><subfield code="b">Lincoln, Neb. :</subfield><subfield code="c">Nebraska State Historical Society,</subfield><subfield code="d">1999.</subfield><subfield code="e">on 1 microfilm reel with other items ; 35 mm.</subfield></datafield><datafield ind1=" " ind2="0" tag="650"><subfield code="a">German American newspapers</subfield><subfield code="z">Nebraska.</subfield></datafield><datafield ind1=" " ind2="0" tag="650"><subfield code="a">German Americans</subfield><subfield code="z">Nebraska</subfield><subfield code="v">Newspapers.</subfield></datafield><datafield ind1=" " ind2="0" tag="651"><subfield code="a">Boyd County (Neb.)</subfield><subfield code="v">Newspapers.</subfield></datafield><datafield ind1=" " ind2="0" tag="651"><subfield code="a">Gregory County (Neb.)</subfield><subfield code="v">Newspapers.</subfield></datafield><datafield ind1=" " ind2=" " tag="752"><subfield code="a">United States</subfield><subfield code="b">Nebraska</subfield><subfield code="c">Boyd</subfield><subfield code="d">Butte.</subfield></datafield></record>